@techreport{spacetrack80,
    author = "Hoots, Felix R. and Roehrich, Ronald L.",
    title = "Models for Propagation of {NORAD} Element Sets",
    institution = "Spacetrack",
    type = "Report",
    number = "3",
    year = "1980",
    note = "Package Compiled by T.S. Kelso, 31 December 1988",
    langid = "english"
}

@inproceedings{vallado2008,
    author = "Vallado, D. and Crawford P.",
    title = "{SGP4} Orbit Determination",
    booktitle = "{AIAA/AAS} Astrodynamics Specialist Conference and Exhibit",
    year = "2008",
    doi = "10.2514/6.2008-6770",
    langid = "english"
}

@techreport{danielson1995,
    author = "Danielson, Donald A. and Early, Leo W. and Sagovac, Christopher Patrick and Neta, Beny",
    title = "Semianalytic Satellite Theory",
    institution = "Department of Mathematics, Naval Postgraduate School",
    address = "Monterey, CA, USA",
    year = "1995",
    month = "March",
    number = "NPS-MA-95-010",
    pages = "112",
    langid = "english"
}

@article{setty2016,
    author = "Setty, S. J. and Cefola, P. J. and Montenbruck, O. and Fiedler, H.",
    title = "Application of Semi-analytical Satellite Theory orbit propagator to orbit determination for space object catalog maintenance",
    journal = "Advances in Space Research",
    volume = "57",
    number = "10",
    pages = "2218--2233",
    year = "2016",
    doi = "10.1016/j.asr.2016.02.028",
    langid = "english"
}

@article{farinella1996,
    author = "Farinella, P. and Vokrouhlick{\'y}, D.",
    title = "Thermal force effects on slowly rotating, spherical artificial satellites---{I}. Solar heating",
    journal = "Planetary and Space Science",
    volume = "44",
    number = "12",
    pages = "1551--1561",
    year = "1996",
    doi = "10.1016/S0032-0633(96)00062-9",
    langid = "english"
}

@article{pavlis2012,
    author = "Pavlis, N. K. and Holmes, S. A. and Kenyon, S. C. and Factor, J. K.",
    title = "The development and evaluation of the {Earth} {Gravitational} {Model} 2008 ({EGM2008})",
    journal = "Journal of Geophysical Research: Solid Earth",
    volume = "117",
    number = "B4",
    pages = "B04406",
    year = "2012",
    doi = "10.1029/2011JB008916",
    langid = "english"
}

@standard{gost1662004,
    title = {{ГОСТ Р 25645.166-2004. Атмосфера Земли верхняя. Модель плотности для баллистического обеспечения полетов искусственных спутников Земли}},
    organization = {Госстандарт России},
    year = {2004},
    language = {russian},
    type = {Стандарт},
    pagetotal = {32},
    publisher = {Стандартинформ}
}

@article{picone2002,
    author = "Picone, J. M. and Hedin, A. E. and Drob, D. P. and Aikin, A. C.",
    title = "{NRLMSISE-00} empirical model of the atmosphere: Statistical comparisons and scientific issues",
    journal = "Journal of Geophysical Research: Space Physics",
    volume = "107",
    number = "A12",
    pages = "SIA 15-1--SIA 15-16",
    year = "2002",
    doi = "10.1029/2002JA009430",
    langid = "english"
}

@article{emmert2021,
    author = "Emmert, J. T. and Drob, D. P. and Picone, J. M. and Siskind, D. E. and Jones, M. and Mlynczak, M. G. and Bernath, P. F. and Chu, X. and Doornbos, E. and Funke, B. and Goncharenko, L. P. and Hervig, M. E. and Schwartz, M. J. and Sheese, P. E. and Vargas, F. and Williams, B. P. and Yuan, T.",
    title = "{NRLMSIS 2.0}: A Whole-Atmosphere Empirical Model of Temperature and Neutral Species Densities",
    journal = "Earth and Space Science",
    volume = "8",
    number = "3",
    pages = "e2020EA001321",
    year = "2021",
    doi = "10.1029/2020EA001321",
    langid = "english"
}

@article{emmert2022,
    author = "Emmert, J. T. and Drob, D. P. and Picone, J. M. and Siskind, D. E. and Jones, M. and Mlynczak, M. G. and Bernath, P. F. and Chu, X. and Doornbos, E. and Funke, B. and Goncharenko, L. P. and Hervig, M. E. and Schwartz, M. J. and Sheese, P. E. and Vargas, F. and Williams, B. P. and Yuan, T.",
    title = "{NRLMSIS 2.1}: An Empirical Model of Nitric Oxide Incorporated Into {MSIS}",
    journal = "Journal of Geophysical Research: Space Physics",
    volume = "127",
    number = "10",
    pages = "e2022JA030896",
    year = "2022",
    doi = "10.1029/2022JA030896",
    langid = "english"
}

@inproceedings{cefola2003,
    author = "Cefola, P. J. and Proulx, R. J. and Nazarenko, A. I. and Yurasov, V. S.",
    title = "Atmospheric Density Correction Using Two Line Element Sets as the Observation Data",
    booktitle = "AAS/AIAA Astrodynamics Specialist Conference",
    year = "2003",
    series = "Advances in the Astronautical Sciences",
    volume = "116",
    number = "AAS 03-626",
    pages = "1--15",
    publisher = "AAS Publications Office",
    address = "San Diego, CA",
    note = "Big Sky Resort, Big Sky, Montana, August 3--7, 2003",
}

@techreport{standish1998,
    author = "Standish, E. M.",
    title = "{JPL} Planetary and Lunar Ephemerides, {DE405/LE405}",
    institution = "Jet Propulsion Laboratory",
    type = "JPL Interoffice Memorandum",
    number = "312.F-98-048",
    year = "1998",
    month = "March",
    address = "Pasadena, CA",
    note = "NASA/JPL",
    langid = "english"
}

@article{kuznetsov2024,
    author = "Кузнецов, А. А. and Сорокин, И. А. and Хрипунов, И. В. and Фукин, И. И. and Завьялова, Н. А. and Негодяев, С. С.",
    title = "О новом методе выбора шага численного интегрирования орбит с полутеневыми участками",
    journal = "Труды МФТИ",
    volume = "16",
    number = "1",
    pages = "18--33",
    year = "2024",
    language = "russian",
    publisher = "Московский физико-технический институт",
    issn = "2072-9544",
    timestamp = "2024-06-20"
}

@article{zhang2019,
    author = "Zhang, R. and Yang, H. and Xu, L. and Wang, L.",
    title = "Study of satellite shadow function model considering the overlapping parts of Earth shadow and Moon shadow and its application to {GPS} satellite orbit determination",
    journal = "Advances in Space Research",
    volume = "63",
    number = "9",
    pages = "2912--2929",
    year = "2019",
    doi = "10.1016/j.asr.2019.01.034",
    langid = "english"
}

@inbook{Vallado2013-ee,
  title    = "Fundamentals of astrodynamics and applications",
  author   = "Vallado, David A and Macclain, Wayne D",
  year     =  2013,
  publisher = {Microcosm Press},
  langid = "en"
}

@inbook{Tapley2002-fj,
  title     = "Statistical Orbit Determination",
  author    = "Tapley, Byron D and Schutz, Bob and Born, George H",
  publisher = "Academic Press",
  year      =  2002,
  address   = "San Diego, CA",
  langid  = "en"
}

@inbook{Nazarenko,
  author    = "А. И. Назаренко",
  title     = "Задачи стохастической космодинамики: Математические методы и алгоритмы решения",
  publisher = "М.: ЛЕНАНД",
  year      =  2018,
  langid  = "ru",
}

@article{kuznetsov2023,
    author = "Кузнецов, А. А. and Фукин, И. И. and Вафин, К. М. and Завьялова, Н. А. and Негодяев, С. С.",
    title = "Об интерполяции гравитационного поля Земли",
    journal = "Труды МФТИ",
    volume = "15",
    number = "4",
    pages = "121--131",
    year = "2023",
    language = "russian",
    publisher = "Московский физико-технический институт",
    issn = "2072-9544"
}

@article{dencker2017,
    author = "Dencker, P. and Erb, W.",
    title = "Multivariate polynomial interpolation on {Lissajous--Chebyshev} nodes",
    journal = "Journal of Approximation Theory",
    volume = "219",
    pages = "15--45",
    year = "2017",
    doi = "10.1016/j.jat.2017.04.003",
    langid = "english"
}